@book{heister_konzert:_1983,
	location = {Wilhelmshaven},
	title = {Das Konzert: Theorie einer Kulturform},
	series = {Taschenbücher zur Musikwissenschaft},
	shorttitle = {Das Konzert},
	number = {87-88},
	publisher = {Heinrichshofen},
	author = {Heister, Hanns-Werner},
	date = {1983},
}

@book{luthje_medium_2008,
	location = {Norderstedt},
	title = {Das Medium als symbolische Macht: Untersuchung zur soziokulturellen Wirkung von Medien am Beispiel von Klassik-Radio},
	shorttitle = {Das Medium als symbolische Macht},
	publisher = {{BoD}},
	author = {Lüthje, Corinna.},
	date = {2008}
}

@book{muller_publikum_2014,
	location = {Göttingen},
	title = {Das Publikum macht die Musik: Musikleben in Berlin, London und Wien im 19. Jahrhundert},
	shorttitle = {Das Publikum macht die Musik},
	pagetotal = {448},
	publisher = {Vandenhoeck \& Ruprecht},
	author = {Müller, Sven Oliver},
	date = {2014},
}

@book{bourdieu_feinen_2012,
	location = {Frankfurt am Main},
	title = {Die feinen Unterschiede: Kritik der gesellschaftlichen Urteilskraft},
	shorttitle = {Die feinen Unterschiede},
	publisher = {Suhrkamp},
	author = {Bourdieu, Pierre},
	date = {2012}
}

@incollection{de_la_motte-haber_konzertpublika_2007,
	location = {Laaber},
	title = {Die Konzertpublika der deutschen Gegenwartskultur. Empirische Publikumsforschung in der Musiksoziologie},
	series = {Handbuch der systematischen Musikwissenschaft},
	pages = {473--509},
	number = {Bd. 4},
	booktitle = {Musiksoziologie},
	publisher = {Laaber},
	author = {Neuhoff, Hans},
	editor = {De la Motte-Haber, Helga},
	date = {2007},
}

@book{weber_music_2004,
	location = {Aldershot, Hants, England ; Burlington, {VT}},
	edition = {2nd ed},
	title = {Music and the middle class: the social structure of concert life in London, Paris and Vienna between 1830 and 1848},
	series = {Music in nineteenth-century Britain},
	shorttitle = {Music and the middle class},
	pagetotal = {174},
	publisher = {Ashgate},
	author = {Weber, William},
	date = {2004},
}



@book{gebesmair_grundzuge_2001,
	location = {Wiesbaden},
	title = {Grundzüge einer Soziologie des Musikgeschmacks},
	publisher = {Westdt. Verl.},
	author = {Gebesmair, Andreas},
	date = {2001}
}

@online{Duden,
  author = {{Duden online}},
  title = {Dilettant, der},
  url = {http://www.duden.de/rechtschreibung/Dilettant},
  urldate = {2015-02-22},
  keywords = {Internet}
}



@book{demandt_kleine_2003,
	location = {München},
	title = {Kleine Weltgeschichte},
	publisher = {Beck},
	author = {Demandt, Alexander},
	date = {2003}
}


@book{marx_kapital:_1989,
	location = {Berlin},
	title = {Das Kapital: Kritik der politischen Ökonomie},
	shorttitle = {Das Kapital},
	publisher = {Dietz},
	author = {Marx, Karl and Engels, Friedrich},
	date = {1989}
}

@book{hillmann_worterbuch_2007,
	location = {Stuttgart},
	edition = {5., vollständig überarbeitete und erw. Aufl},
	title = {Wörterbuch der Soziologie},
	pagetotal = {1017},
	publisher = {Kröner},
	author = {Hillmann, Karl-Heinz},
	editora = {Hartfiel, Günter},
	editoratype = {collaborator},
	date = {2007},
	keywords = {German, Sociology}
}



